<record><leader>00000cas a2200000 a 4500</leader><controlfield tag="001">13028622</controlfield><controlfield tag="008">860116d18481867pauwr ne      0   a0eng c</controlfield><datafield ind1=" " ind2=" " tag="010"><subfield code="a">sn 87090458 </subfield></datafield><datafield ind1=" " ind2=" " tag="040"><subfield code="a">NPH</subfield><subfield code="b">eng</subfield><subfield code="c">NPH</subfield><subfield code="d">PPM</subfield><subfield code="d">NPH</subfield><subfield code="d">ATL</subfield><subfield code="d">OCL</subfield><subfield code="d">GUA</subfield><subfield code="d">DLC</subfield><subfield code="d">OCLCQ</subfield><subfield code="d">OCLCF</subfield><subfield code="d">OCLCO</subfield></datafield><datafield ind1="0" ind2=" " tag="022"><subfield code="a">2161-1637</subfield><subfield code="2">1</subfield></datafield><datafield ind1="1" ind2=" " tag="029"><subfield code="a">AU@</subfield><subfield code="b">000020119652</subfield></datafield><datafield ind1=" " ind2=" " tag="042"><subfield code="a">pcc</subfield><subfield code="a">nsdp</subfield></datafield><datafield ind1=" " ind2=" " tag="043"><subfield code="a">n-us---</subfield></datafield><datafield ind1="1" ind2="0" tag="050"><subfield code="a">ISSN RECORD</subfield></datafield><datafield ind1=" " ind2="4" tag="050"><subfield code="a">BX9551</subfield></datafield><datafield ind1="1" ind2="0" tag="082"><subfield code="a">285</subfield><subfield code="2">14</subfield></datafield><datafield ind1=" " ind2="0" tag="222"><subfield code="a">German reformed messenger</subfield></datafield><datafield ind1="0" ind2="0" tag="245"><subfield code="a">German reformed messenger.</subfield></datafield><datafield ind1=" " ind2=" " tag="260"><subfield code="a">Chambersburg, Pa. :</subfield><subfield code="b">M. Kieffer &amp; Co.,</subfield><subfield code="c">1848-1867.</subfield></datafield><datafield ind1=" " ind2=" " tag="300"><subfield code="a">19 v. ;</subfield><subfield code="c">63 cm.</subfield></datafield><datafield ind1=" " ind2=" " tag="310"><subfield code="a">Weekly</subfield></datafield><datafield ind1="0" ind2=" " tag="362"><subfield code="a">New ser., v. 14, no. 13 (Dec. 6, 1848)-new ser., v. 32, no. 52 (Aug. 28, 1867) = whole no. 689-whole no. 1657.</subfield></datafield><datafield ind1=" " ind2=" " tag="500"><subfield code="a">Published under the direction of the Board of Publication of German Reformed Church.</subfield></datafield><datafield ind1=" " ind2=" " tag="515"><subfield code="a">None published Aug. 1864.</subfield></datafield><datafield ind1=" " ind2=" " tag="530"><subfield code="a">Also issued on microfilm by American Theological Library Association; also available online.</subfield></datafield><datafield ind1="2" ind2="0" tag="610"><subfield code="a">German Reformed Church (U.S.)</subfield><subfield code="v">Newspapers.</subfield></datafield><datafield ind1=" " ind2="7" tag="655"><subfield code="a">Newspapers.</subfield><subfield code="2">fast</subfield><subfield code="0">(OCoLC)fst01423814</subfield></datafield><datafield ind1="2" ind2="7" tag="610"><subfield code="a">German Reformed Church (U.S.)</subfield><subfield code="2">fast</subfield><subfield code="0">(OCoLC)fst00621691</subfield></datafield><datafield ind1="2" ind2=" " tag="710"><subfield code="a">German Reformed Church (U.S.).</subfield><subfield code="b">Publication Office.</subfield></datafield><datafield ind1=" " ind2=" " tag="752"><subfield code="a">United States</subfield><subfield code="b">Pennsylvania</subfield><subfield code="c">Franklin</subfield><subfield code="d">Chambersburg.</subfield></datafield><datafield ind1="1" ind2=" " tag="776"><subfield code="c">Microfilm</subfield><subfield code="t">German Reformed messenger</subfield><subfield code="w">(DLC)sf 89091161</subfield><subfield code="w">(OCoLC)10318358</subfield></datafield><datafield ind1="1" ind2=" " tag="776"><subfield code="t">German reformed messenger (Online)</subfield><subfield code="w">(DLC)  2008266635</subfield><subfield code="w">(OCoLC)64773060</subfield></datafield><datafield ind1="0" ind2="0" tag="780"><subfield code="t">Weekly messenger (Chambersburg, Pa.)</subfield><subfield code="w">(DLC)sn 86053548</subfield><subfield code="w">(OCoLC)13109417</subfield></datafield><datafield ind1="0" ind2="0" tag="785"><subfield code="t">Reformed Church messenger (Philadelphia, Pa. : 1867)</subfield><subfield code="w">(DLC)sn 97016137</subfield><subfield code="w">(OCoLC)37649351</subfield></datafield><datafield ind1="4" ind2="1" tag="856"><subfield code="u">http://gateway.proquest.com/openurl?url_ver=Z39.88-2004&amp;res_dat=xri:pqd::hnp&amp;rft_val_fmt=info:ofi/fmt:kev:mtx:journal&amp;rft_dat=xri:pqd:PMID=42046</subfield></datafield></record>